@article{li2023hibrowser,
  title={HiBrowser: an interactive and dynamic browser for synchronous Hi-C data visualization},
  author={Li, Pingjing and Liu, Hong and Sun, Jialiang and Lu, Jianguo and Liu, Jian},
  journal={Briefings in Bioinformatics},
  volume={24},
  number={5},
  pages={bbad283},
  year={2023},
  publisher={Oxford University Press}
}